@Article{	  brin1998anatomy,
  author	= "Sergey Brin and Lawrence Page",
  title		= "The anatomy of a large-scale hypertextual {Web} search
		  engine",
  journal	= "Computer Networks",
  volume	= "30",
  number	= "1--7",
  pages		= "107--117",
  year		= "1998",
  month		= apr
}

@Misc{		  sitemaps,
  author	= {{sitemaps.org}},
  howpublished	= {\url{http://www.sitemaps.org/protocol.php}},
  year		= 2008,
  month		= feb,
  title		= {Sitemaps {XML} format}
}
